@article{aronow2013interval,
  title={Interval estimation of population means under unknown but bounded probabilities of sample selection},
  author={Aronow, Peter M and Lee, Donald KK},
  journal={Biometrika},
  volume={100},
  number={1},
  pages={235--240},
  year={2013},
  publisher={Oxford University Press}
}

@article{royal2019survey,
  title={Survey research methods: A guide for creating post-stratification weights to correct for sample bias},
  author={Royal, Kenneth D},
  journal={Education in the Health Professions},
  volume={2},
  number={1},
  pages={48--50},
  year={2019},
  publisher={Medknow}
}

@article{covid_data,
    author = {CDC},
    title = {COVID Data Tracker.},
    journal = {Atlanta, GA: U.S. Department of Health and Human Services, CDC; 2023} ,
    year ={2023}
}

@article{sahoo2022learning,
  title={Learning from a Biased Sample},
  author={Sahoo, Roshni and Lei, Lihua and Wager, Stefan},
  journal={arXiv preprint arXiv:2209.01754},
  year={2022}
}

@article{little1993post,
  title={Post-stratification: a modeler's perspective},
  author={Little, Roderick JA},
  journal={Journal of the American Statistical Association},
  volume={88},
  number={423},
  pages={1001--1012},
  year={1993},
  publisher={Taylor \& Francis}
}

@article{yeager2011comparing,
  title={Comparing the accuracy of RDD telephone surveys and internet surveys conducted with probability and non-probability samples},
  author={Yeager, David S and Krosnick, Jon A and Chang, LinChiat and Javitz, Harold S and Levendusky, Matthew S and Simpser, Alberto and Wang, Rui},
  journal={Public opinion quarterly},
  volume={75},
  number={4},
  pages={709--747},
  year={2011},
  publisher={Oxford University Press}
}

@article{steinmetz2014improving,
  title={Improving web survey quality},
  author={Steinmetz, Stephanie and Bianchi, Annamaria and Tijdens, Kea and Biffignandi, Silvia},
  journal={Online panel research: A data quality perspective},
  pages={273--298},
  year={2014},
  publisher={John Wiley \& Sons Hoboken, NJ}
}

@article{schonlau2007webographic,
  title={Are'Webographic'or attitudinal questions useful for adjusting estimates from Web surveys using propensity scoring?},
  author={Schonlau, Matthias and Van Soest, Arthur and Kapteyn, Arie},
  year={2007},
  publisher={RAND Working Paper Series No. WR-506}
}

@article{kessler2022changes,
  title={Changes in prevalence of mental illness among US adults during compared with before the COVID-19 pandemic},
  author={Kessler, Ronald C and Chiu, Wai Tat and Hwang, Irving H and Puac-Polanco, Victor and Sampson, Nancy A and Ziobrowski, Hannah N and Zaslavsky, Alan M},
  journal={Psychiatric Clinics},
  volume={45},
  number={1},
  pages={1--28},
  year={2022},
  publisher={Elsevier}
}

@article{kessler2022estimated,
  title={Estimated prevalence of and factors associated with clinically significant anxiety and depression among US adults during the first year of the COVID-19 pandemic},
  author={Kessler, Ronald C and Ruhm, Christopher J and Puac-Polanco, Victor and Hwang, Irving H and Lee, Sue and Petukhova, Maria V and Sampson, Nancy A and Ziobrowski, Hannah N and Zaslavsky, Alan M and Zubizarreta, Jose R},
  journal={JAMA Network Open},
  volume={5},
  number={6},
  pages={e2217223--e2217223},
  year={2022},
  publisher={American Medical Association}
}

@article{pierannunzi2019differences,
  title={Differences in Efficiencies Between ABS and RDD Samples by Mode of Data Collection},
  author={Pierannunzi, Carol and Gamble, Sonya and Locke, Robynne and Freedner, Naomi and Town, Machell},
  journal={Survey practice},
  volume={12},
  number={1},
  pages={1},
  year={2019},
  publisher={NIH Public Access}
}

@article{yang2020doubly,
  title={Doubly robust inference when combining probability and non-probability samples with high dimensional data},
  author={Yang, Shu and Kim, Jae Kwang and Song, Rui},
  journal={Journal of the Royal Statistical Society: Series B (Statistical Methodology)},
  volume={82},
  number={2},
  pages={445--465},
  year={2020},
  publisher={Wiley Online Library}
}

@article{reist2020model,
  title={Model-assisted estimators for time-to-event data from complex surveys},
  author={Reist, Benjamin M and Valliant, Richard},
  journal={Statistics in Medicine},
  volume={39},
  number={29},
  pages={4351--4371},
  year={2020},
  publisher={Wiley Online Library}
}

@article{elliott2017inference,
  title={Inference for nonprobability samples},
  author={Elliott, Michael R and Valliant, Richard},
  journal={Statistical Science},
  volume={32},
  number={2},
  pages={249--264},
  year={2017},
  publisher={Institute of Mathematical Statistics}
}

@article{lohr2021multiple,
  title={Multiple-frame surveys for a multiple-data-source world},
  author={Lohr, S},
  journal={Survey Methodology},
  volume={47},
  number={2},
  pages={229--264},
  year={2021},
  publisher={Statistics Canada}
}

@article{tsung2018model,
  title={Model-assisted calibration of non-probability sample survey data using adaptive LASSO.},
  author={Tsung, Chen and Kuang, Jack and Valliant, Richard L and Elliott, Michael R},
  journal={Survey Methodology},
  volume={44},
  number={1},
  pages={117--145},
  year={2018},
  publisher={Statistics Canada}
}

@article{reitsma2022bias,
  title={Bias-adjusted predictions of county-level vaccination coverage from the COVID-19 Trends and Impact Survey},
  author={Reitsma, Marissa B and Rose, Sherri and Reinhart, Alex and Goldhaber-Fiebert, Jeremy D and Salomon, Joshua A},
  journal={medRxiv},
  pages={2022--05},
  year={2022},
  publisher={Cold Spring Harbor Laboratory Press}
}

@article{bradley2021unrepresentative,
  title={Unrepresentative big surveys significantly overestimated US vaccine uptake},
  author={Bradley, Valerie C and Kuriwaki, Shiro and Isakov, Michael and Sejdinovic, Dino and Meng, Xiao-Li and Flaxman, Seth},
  journal={Nature},
  volume={600},
  number={7890},
  pages={695--700},
  year={2021},
  publisher={Nature Publishing Group UK London}
}

@article{blumberg2021national,
  title={National health interview survey, COVID-19, and online data collection platforms: adaptations, tradeoffs, and new directions},
  author={Blumberg, Stephen J and Parker, Jennifer D and Moyer, Brian C},
  journal={American journal of public health},
  volume={111},
  number={12},
  pages={2167--2175},
  year={2021},
  publisher={American Public Health Association}
}

@article{seaman2013review,
  title={Review of inverse probability weighting for dealing with missing data},
  author={Seaman, Shaun R and White, Ian R},
  journal={Statistical methods in medical research},
  volume={22},
  number={3},
  pages={278--295},
  year={2013},
  publisher={SAGE Publications Sage UK: London, England}
}

@book{groves2011survey,
  title={Survey methodology},
  author={Groves, Robert M and Fowler Jr, Floyd J and Couper, Mick P and Lepkowski, James M and Singer, Eleanor and Tourangeau, Roger},
  year={2011},
  publisher={John Wiley \& Sons}
}

@article{david1983imputation,
  title={Imputation models based on the propensity to respond},
  author={David, M and Little, Roderick and Samuhel, M and Triest, Robert},
  journal={Proceedings of the Business and Economics Section},
  pages={168--173},
  year={1983}
}

@article{greenlees1982imputation,
  title={Imputation of missing values when the probability of response depends on the variable being imputed},
  author={Greenlees, John S and Reece, William S and Zieschang, Kimberly D},
  journal={Journal of the American Statistical Association},
  volume={77},
  number={378},
  pages={251--261},
  year={1982},
  publisher={Taylor \& Francis}
}

@article{rockafellar2000optimization,
  title={Optimization of conditional value-at-risk},
  author={Rockafellar, R Tyrrell and Uryasev, Stanislav and others},
  journal={Journal of risk},
  volume={2},
  pages={21--42},
  year={2000}
}

@article{dorn2024doubly,
  title={Doubly-valid/doubly-sharp sensitivity analysis for causal inference with unmeasured confounding},
  author={Dorn, Jacob and Guo, Kevin and Kallus, Nathan},
  journal={Journal of the American Statistical Association},
  pages={1--12},
  year={2024},
  publisher={Taylor \& Francis}
}

@article{qin2002estimation,
  title={Estimation with survey data under nonignorable nonresponse or informative sampling},
  author={Qin, Jing and Leung, Denis and Shao, Jun},
  journal={Journal of the American Statistical Association},
  volume={97},
  number={457},
  pages={193--200},
  year={2002},
  publisher={Taylor \& Francis}
}

@article{rosenbaum1983central,
  title={The central role of the propensity score in observational studies for causal effects},
  author={Rosenbaum, Paul R and Rubin, Donald B},
  journal={Biometrika},
  volume={70},
  number={1},
  pages={41--55},
  year={1983},
  publisher={Oxford University Press}
}

@article{groves2008impact,
  title={The impact of nonresponse rates on nonresponse bias: a meta-analysis},
  author={Groves, Robert M and Peytcheva, Emilia},
  journal={Public opinion quarterly},
  volume={72},
  number={2},
  pages={167--189},
  year={2008},
  publisher={Oxford University Press}
}

@article{peress2010correcting,
  title={Correcting for survey nonresponse using variable response propensity},
  author={Peress, Michael},
  journal={Journal of the American Statistical Association},
  volume={105},
  number={492},
  pages={1418--1430},
  year={2010},
  publisher={Taylor \& Francis}
}

@article{little1993post,
  title={Post-stratification: a modeler's perspective},
  author={Little, Roderick JA},
  journal={Journal of the American Statistical Association},
  volume={88},
  number={423},
  pages={1001--1012},
  year={1993},
  publisher={Taylor \& Francis}
}

@article{geldsetzer2020use,
  title={Use of rapid online surveys to assess people's perceptions during infectious disease outbreaks: a cross-sectional survey on COVID-19},
  author={Geldsetzer, Pascal and others},
  journal={Journal of medical Internet research},
  volume={22},
  number={4},
  pages={e18790},
  year={2020},
  publisher={JMIR Publications Inc., Toronto, Canada}
}

@article{kim2021combining,
  title={Combining non-probability and probability survey samples through mass imputation},
  author={Kim, Jae Kwang and Park, Seho and Chen, Yilin and Wu, Changbao},
  journal={Journal of the Royal Statistical Society Series A: Statistics in Society},
  volume={184},
  number={3},
  pages={941--963},
  year={2021},
  publisher={Oxford University Press}
}

@article{us2021measuring,
  title={Measuring Household Experiences During the Coronavirus Pandemic},
  author={US Census Bureau},
  year={2021}
}

@article{salomon2021us,
  title={The US COVID-19 Trends and Impact Survey: Continuous real-time measurement of COVID-19 symptoms, risks, protective behaviors, testing, and vaccination},
  author={Salomon, Joshua A and Reinhart, Alex and Bilinski, Alyssa and Chua, Eu Jing and La Motte-Kerr, Wichada and R{\"o}nn, Minttu M and Reitsma, Marissa B and Morris, Katherine A and LaRocca, Sarah and Farag, Tamer H and others},
  journal={Proceedings of the National Academy of Sciences},
  volume={118},
  number={51},
  pages={e2111454118},
  year={2021},
  publisher={National Acad Sciences}
}

@article{wisniowski2020integrating,
  title={Integrating probability and nonprobability samples for survey inference},
  author={Wi{\'s}niowski, Arkadiusz and Sakshaug, Joseph W and Perez Ruiz, Diego Andres and Blom, Annelies G},
  journal={Journal of Survey Statistics and Methodology},
  volume={8},
  number={1},
  pages={120--147},
  year={2020},
  publisher={Oxford University Press}
}

@article{bureau2021american,
  title={American community survey (ACS)},
  author={Bureau, USC},
  journal={Census. gov. Retrieved November},
  volume={1},
  pages={2021},
  year={2021}
}

